@techreport{kili,
  author       = {Asmaa Mirkhan}, 
  title        = {YOLO Algorithm: Real-Time Object Detection from A to Z},
  institution  = {Kili},
  year         = 2023,
  address      = {https://kili-technology.com/data-labeling/machine-learning/yolo-algorithm-real-time-object-detection-from-a-to-z}
}

@techreport{mec,
  author       = {Chiradeep BasuMallick}, 
  title        = {What Is Multi-Access Edge Computing (MEC)? Features, Examples, and Best Practices},
  institution  = {Spiceworks},
  year         = 2023,
  address      = {https://www.spiceworks.com/tech/edge-computing/articles/multi-access-edge-computing/},
  month        = 2
}